<marc:record xmlns:marc="http://www.loc.gov/MARC21/slim" xmlns:xsi="http://www.w3.org/2001/XMLSchema-instance" xsi:schemaLocation="http://www.loc.gov/MARC21/slim http://www.loc.gov/standards/marcxml/schema/MARC21slim.xsd">
  <marc:leader>     cam a2200265 a 4500</marc:leader>
  <marc:controlfield tag="001">002750536</marc:controlfield>
  <marc:controlfield tag="003">NNU</marc:controlfield>
  <marc:controlfield tag="005">19940713181853.0</marc:controlfield>
  <marc:controlfield tag="008">860306s1884    ae            000 0 ara d</marc:controlfield>
  <marc:datafield tag="035" ind1="9" ind2=" ">
    <marc:subfield code="a">NYUb10450452</marc:subfield>
  </marc:datafield>
  <marc:datafield tag="035" ind1=" " ind2=" ">
    <marc:subfield code="a">(CStRLIN)NYUG86-B7444</marc:subfield>
  </marc:datafield>
  <marc:datafield tag="035" ind1=" " ind2=" ">
    <marc:subfield code="a">GLIS004504528</marc:subfield>
  </marc:datafield>
  <marc:datafield tag="040" ind1=" " ind2=" ">
    <marc:subfield code="a">NNU</marc:subfield>
    <marc:subfield code="c">NNU</marc:subfield>
  </marc:datafield>
  <marc:datafield tag="090" ind1=" " ind2=" ">
    <marc:subfield code="i">01/08/91 T</marc:subfield>
    <marc:subfield code="h">12/13/90 CT</marc:subfield>
    <marc:subfield code="h">12/11/86 CT</marc:subfield>
    <marc:subfield code="h">04/30/86 CT</marc:subfield>
  </marc:datafield>
  <marc:datafield tag="100" ind1="1" ind2=" ">
    <marc:subfield code="a">Sharīf al-Murtaḍá, ʻAlam al-Hudá ʻAlī ibn al-Ḥusayn,</marc:subfield>
    <marc:subfield code="d">966-1044 or 5.</marc:subfield>
  </marc:datafield>
  <marc:datafield tag="245" ind1="1" ind2="0">
    <marc:subfield code="a">Shihāb fī al-Shayb wa-al-shabāb /</marc:subfield>
    <marc:subfield code="c">taʼlīf al-Sharīf al-Murtaḍʹa Abī al-Qāsim ʻAlī ibn al-Sharīf al-Ṭāhir Abī Aḥmad al-Ḥusayn ibn Mūsʹa al-Mūsawī ; wa-yalīhu Salwat al-ḥrīf bi-munāẓarat al-Rabīʻ wa-al-Kharīf /taʼlīf Farīd al-Zamān Abī ʻUthmān ʻAmr ibn Baḥr al-Jāhiz.</marc:subfield>
  </marc:datafield>
  <marc:datafield tag="250" ind1=" " ind2=" ">
    <marc:subfield code="a">al-Ṭabʻah 1.</marc:subfield>
  </marc:datafield>
  <marc:datafield tag="260" ind1=" " ind2=" ">
    <marc:subfield code="a">Qusṭanṭīnīyah :</marc:subfield>
    <marc:subfield code="b">Maṭbaʻat al-Jawāʼib,</marc:subfield>
    <marc:subfield code="c">1302 [1884 or 5].</marc:subfield>
  </marc:datafield>
  <marc:datafield tag="300" ind1=" " ind2=" ">
    <marc:subfield code="a">136 p. ;</marc:subfield>
    <marc:subfield code="c">24 cm.</marc:subfield>
  </marc:datafield>
  <marc:datafield tag="650" ind1=" " ind2="0">
    <marc:subfield code="a">Arabic poetry</marc:subfield>
    <marc:subfield code="x">History and criticism</marc:subfield>
    <marc:subfield code="v">Early works to 1800.</marc:subfield>
  </marc:datafield>
  <marc:datafield tag="650" ind1=" " ind2="0">
    <marc:subfield code="a">Old age in literature</marc:subfield>
    <marc:subfield code="v">Early works to 1800.</marc:subfield>
  </marc:datafield>
  <marc:datafield tag="700" ind1="0" ind2=" ">
    <marc:subfield code="a">Jāḥiẓ,</marc:subfield>
    <marc:subfield code="d">d. 868 or 9.</marc:subfield>
    <marc:subfield code="t">Kitāb salwat al-ḥarīf bi-munāẓarat al-Rabīʻ wa-al-kharīf.</marc:subfield>
  </marc:datafield>
  <marc:datafield tag="700" ind1="0" ind2=" ">
    <marc:subfield code="a">Jāḥiẓ,</marc:subfield>
    <marc:subfield code="d">d. 868 or 9.</marc:subfield>
    <marc:subfield code="t">Salwat al-ḥarīf bi-munāẓarat al-Rabīʻ wa- al-kharīf.</marc:subfield>
  </marc:datafield>
  <marc:datafield tag="950" ind1=" " ind2=" ">
    <marc:subfield code="l">BMAIN</marc:subfield>
    <marc:subfield code="a">PJ7542.O43</marc:subfield>
    <marc:subfield code="b">S5 1884</marc:subfield>
    <marc:subfield code="h">12/13/90 C</marc:subfield>
    <marc:subfield code="h">12/11/86 C</marc:subfield>
    <marc:subfield code="h">04/30/86 C</marc:subfield>
  </marc:datafield>
  <marc:datafield tag="955" ind1=" " ind2=" ">
    <marc:subfield code="l">BMAIN</marc:subfield>
    <marc:subfield code="c">1</marc:subfield>
    <marc:subfield code="r">011725762</marc:subfield>
    <marc:subfield code="h">04/30/86 C</marc:subfield>
  </marc:datafield>
  <marc:datafield tag="998" ind1=" " ind2=" ">
    <marc:subfield code="a">01/08/91</marc:subfield>
    <marc:subfield code="t">c</marc:subfield>
    <marc:subfield code="s">9114</marc:subfield>
    <marc:subfield code="n">NNU</marc:subfield>
    <marc:subfield code="w">NYUG86B7444</marc:subfield>
    <marc:subfield code="d">03/06/86</marc:subfield>
    <marc:subfield code="c">MG</marc:subfield>
    <marc:subfield code="b">XXX</marc:subfield>
    <marc:subfield code="i">910108</marc:subfield>
    <marc:subfield code="h">901213</marc:subfield>
    <marc:subfield code="h">861211</marc:subfield>
    <marc:subfield code="h">860430</marc:subfield>
    <marc:subfield code="l">NYUG</marc:subfield>
  </marc:datafield>
</marc:record>
